@INPROCEEDINGS{MUS11,
     author = {Musat, Claudiu and Velcin, Julien and Trausan-Matu, Stefan and Rizoiu, Marian-Andrei},
      title = {Improving topic evaluation using conceptual knowledge},
  booktitle = {IJCAI 2011},
     volume = {3},
       year = {2011},
      pages = {1866--1871},
   location = {Barcelona, Catalonia, Spain},
       isbn = {978-1-57735-515-1},
        doi = {10.5591/978-1-57735-516-8/ijcai11-312},
}

@INCOLLECTION{RIZ11,
     author = {Rizoiu, Marian-Andrei and Velcin, Julien},
     editor = {Wong, Wilson and Liu, Wei and Bennamoun, Mohammed},
      title = {Topic Extraction for Ontology Learning},
  booktitle = {Ontology Learning and Knowledge Discovery Using the Web: Challenges and Recent Advances},
    chapter = {3},
       year = {2011},
      pages = {38--61},
}

@INPROCEEDINGS{RIZ12,
     author = {Rizoiu, Marian-Andrei and Velcin, Julien and Lallich, St{\'{e}}phane},
   keywords = {contiguity penalty function., semi-supervised clustering, temporal clustering, temporal-aware dissimilarity measure},
      title = {Structuring typical evolutions using Temporal-Driven Constrained Clustering},
  booktitle = {ICTAI 2012},
       year = {2012},
      pages = {610--617},
   location = {Athens, Greece},
        doi = {10.1109/ICTAI.2012.88},
}

@ARTICLE{RIZ13a,
    author = {Rizoiu, Marian-Andrei and Velcin, Julien and Lallich, St{\'{e}}phane},
  keywords = {clustering, data mining, feature evaluation, nonparametric statistics, representations, unsupervised feature construction},
     title = {Unsupervised Feature Construction for Improving Data Representation and Semantics},
   journal = {Journal of Intelligent Information Systems},
      year = {2013},
       doi = {10.1007/s10844-013-0235-x},
}

@INPROCEEDINGS{WAG01,
     author = {Wagstaff, Kiri and Cardie, Claire and Rogers, Seth and Schroedl, Stefan},
      title = {Constrained K-means Clustering with Background Knowledge},
  booktitle = {ICML 2001},
       year = {2001},
      pages = {577--584},
}

@BOOK{ZIG09,
     editor = {Zighed, Djamel A. and Tsumoto, Shusaku and Ras, Zbigniew W. and Hacid, Hakim},
      title = {Mining Complex Data},
  booktitle = {Mining Complex Data},
     volume = {165},
       year = {2009},
  publisher = {Springer},
       isbn = {978-3-540-88066-0}
}

@ARTICLE{BLE03,
     author = {Blei, David M. and Ng, Andrew Y. and Jordan, Michael I},
      title = {Latent dirichlet allocation},
    journal = {The Journal of Machine Learning Research},
     volume = {3},
       year = {2003},
      pages = {993--1022},
  publisher = {JMLR. org},
       issn = {1532-4435}
}

@ARTICLE{LOW04,
     author = {Lowe, David G.},
      title = {Distinctive image features from scale-invariant keypoints},
    journal = {International Journal of Computer Vision},
     volume = {60},
     number = {2},
       year = {2004},
      pages = {91--110},
  publisher = {Springer}
}

@ARTICLE{RIZ13c,
    author = {Rizoiu, Marian-Andrei and Velcin, Julien and Lallich, St{\'{e}}phane},
     title = {How to use Temporal-Driven Constrained Clustering to detect typical evolutions},
   journal = {International Journal of Artificial Intelligence Tools},
      year = {2013}
}