@INPROCEEDINGS{RIZ10,
        author = {Rizoiu, Marian-Andrei and Velcin, Julien and Chauchat, Jean-Hugues},
      keywords = {clustering, overlapping, text mining},
         month = jan,
         title = {Regrouper les donn{\'{e}}es textuelles et nommer les groupes {\`{a}} l'aide des classes recouvrantes},
     booktitle = {Extraction et Gestion des Connaissances, 10{\`{e}}me Conf{\'{e}}rence},
        series = {EGC~'10},
        volume = {E-19},
          year = {2010},
         pages = {561-572},
     publisher = {Revue des Nouvelles Technologies de l'Information},
      location = {Hammamet, Tunisie},
  organization = {C{\'{e}}padu{\`{e}}s},
      abstract = {Organiser les donn{\'{e}}es textuelles et en tirer du sens est un d{\'{e}}fi majeur aujourd'hui. Ainsi, lorsque l'on souhaite analyser un d{\'{e}}bat en ligne ou un forum de discussion, on voudrait pouvoir rapidement voir quels sont les principaux th{\`{e}}mes abord{\'{e}}s et la mani{\`{e}}re dont la discussion se structure autour d'eux. Pour cela, et parce que un m{\^{e}}me texte peut {\^{e}}tre associ{\'{e}} {\`{a}} plusieurs th{\`{e}}mes, nous proposons une m{\'{e}}thode originale pour regrouper les donn{\'{e}}es textuelles en autorisant les chevauchements et pour nommer chaque groupe de mani{\`{e}}re lisible. La contribution principale de cet article est une m{\'{e}}thode globale qui permet de r{\'{e}}aliser toute la cha{\^{\i}}ne, partant des donn{\'{e}}es textuelles brutes jusqu'{\`{a}} la caract{\'{e}}risation des groupes {\`{a}} un niveau s{\'{e}}mantique qui d{\'{e}}passe le simple ensemble de mots.}
}
